@article{danzon2021automated,
  title={Automated News at the BBC},
  author={Danzon-Chambaud, Samuel},
  journal={BBC Research and Development white paper, 2021c},
  year={2021}
}

@article{wan2020empowering,
  title={Empowering real-time traffic reporting systems with nlp-processed social media data},
  author={Wan, Xiangpeng and Lucic, Michael C and Ghazzai, Hakim and Massoud, Yehia},
  journal={IEEE Open Journal of Intelligent Transportation Systems},
  volume={1},
  pages={159--175},
  year={2020},
  publisher={IEEE}
}

@article{janavckova2024news,
  title={NEWS AT THE SPEED OF AI: AUTOMATING JOURNALISM THROUGH TEXT GENERATOR},
  author={Jan{\'a}{\v{c}}kov{\'a}, Lucia Furt{\'a}kov{\'a}--L'ubica},
  journal={MARKETING IDENTITY},
  pages={166},
  year={2024}
}

@inproceedings{tran2016automatic,
  title={Automatic tweet generation from traffic incident data},
  author={Tran, Khoa and Popowich, Fred},
  booktitle={Proceedings of the 2nd International Workshop on Natural Language Generation and the Semantic Web (WebNLG 2016)},
  pages={59--66},
  year={2016}
}

@mastersthesis{aires2016automatic,
  title={Automatic generation of sports news},
  author={Aires, Jo{\~a}o Pinto Barbosa Machado},
  year={2016},
  school={Universidade do Porto (Portugal)}
}

@inproceedings{shu2021fact,
  title={Fact-enhanced synthetic news generation},
  author={Shu, Kai and Li, Yichuan and Ding, Kaize and Liu, Huan},
  booktitle={Proceedings of the AAAI Conference on Artificial Intelligence},
  volume={35},
  number={15},
  pages={13825--13833},
  year={2021}
}

